<collection xmlns="http://www.loc.gov/MARC21/slim"></collection><record><leader>            </leader><controlfield tag="006">m q h</controlfield><controlfield tag="007">sz zunnnnnzneu</controlfield><datafield tag="100" ind1="1" ind2=" "><subfield code="a">Baristacide</subfield></datafield><datafield tag="245" ind1="1" ind2="0"><subfield code="a">Baristacide</subfield><subfield code="c">Baristacide</subfield></datafield><datafield tag="250" ind1=" " ind2=" "><subfield code="a">[Downloadable music]</subfield></datafield><datafield tag="260" ind1=" " ind2=" "><subfield code="b"/><subfield code="c">2012</subfield></datafield><datafield tag="500" ind1=" " ind2=" "><subfield code="a">Downloadable audio file.</subfield></datafield><datafield tag="500" ind1=" " ind2=" "><subfield code="a">Title from digitaly encoded metadata.</subfield></datafield><datafield tag="505" ind1="0" ind2="0"><subfield code="t">Oars in Hands (Row Row Row) -- </subfield><subfield code="t">Ghoulie What Are You? -- </subfield><subfield code="t">Hot Pot Unbeliever -- </subfield><subfield code="t">Homeless Feeling -- </subfield><subfield code="t">Bob's Song -- </subfield><subfield code="t">Talk to Clare -- </subfield><subfield code="t">It Seems Your Head is Damaged -- </subfield><subfield code="t">The Only Thing I'll Ever do -- </subfield><subfield code="t">You Just Can't -- </subfield><subfield code="t">Man in The Back of The Haunted House -- </subfield><subfield code="t">I've Been Waiting For All You Fuckers -- </subfield><subfield code="t">Your Army -- </subfield></datafield><datafield tag="538" ind1=" " ind2=" "><subfield code="a">Mode of access: World Wide Web.</subfield></datafield><datafield tag="856" ind1="4" ind2="0"><subfield code="u">http://www.yaharamusic.org/album/baristacide-baristacide</subfield></datafield></record>