<record><leader>            </leader><controlfield tag="006">m q h</controlfield><controlfield tag="007">sz zunnnnnzneu</controlfield><datafield tag="100" ind1="1" ind2=" "><subfield code="a">Ida Jo</subfield></datafield><datafield tag="245" ind1="1" ind2="0"><subfield code="a">Uncharted</subfield><subfield code="c">Ida Jo</subfield></datafield><datafield tag="250" ind1=" " ind2=" "><subfield code="a">[Downloadable music]</subfield></datafield><datafield tag="260" ind1=" " ind2=" "><subfield code="b"/><subfield code="c">2012</subfield></datafield><datafield tag="500" ind1=" " ind2=" "><subfield code="a">Downloadable audio file.</subfield></datafield><datafield tag="500" ind1=" " ind2=" "><subfield code="a">Title from digitaly encoded metadata.</subfield></datafield><datafield tag="505" ind1="0" ind2="0"><subfield code="t">Loan -- </subfield><subfield code="t">Who You Are -- </subfield><subfield code="t">Drift On By -- </subfield><subfield code="t">Goodbye -- </subfield><subfield code="t">Machine -- </subfield><subfield code="t">Pit -- </subfield><subfield code="t">A Right -- </subfield><subfield code="t">Uncharted -- </subfield><subfield code="t">We're All Alone -- </subfield><subfield code="t">Wham -- </subfield><subfield code="t">Whirlwind -- </subfield><subfield code="t">What It's Worth -- </subfield></datafield><datafield tag="538" ind1=" " ind2=" "><subfield code="a">Mode of access: World Wide Web.</subfield></datafield><datafield tag="856" ind1="4" ind2="0"><subfield code="u">http://www.yaharamusic.org/album/uncharted-ida-jo</subfield></datafield></record>