<record><leader>            </leader><controlfield tag="006">m q h</controlfield><controlfield tag="007">sz zunnnnnzneu</controlfield><datafield tag="100" ind1="1" ind2=" "><subfield code="a">Bello</subfield></datafield><datafield tag="245" ind1="1" ind2="0"><subfield code="a">Bello</subfield><subfield code="c">Bello</subfield></datafield><datafield tag="250" ind1=" " ind2=" "><subfield code="a">[Downloadable music]</subfield></datafield><datafield tag="260" ind1=" " ind2=" "><subfield code="b">Bello</subfield><subfield code="c">2012</subfield></datafield><datafield tag="500" ind1=" " ind2=" "><subfield code="a">Downloadable audio file.</subfield></datafield><datafield tag="500" ind1=" " ind2=" "><subfield code="a">Title from digitaly encoded metadata.</subfield></datafield><datafield tag="505" ind1="0" ind2="0"><subfield code="t">Show Me The Way -- </subfield><subfield code="t">Lift You Up -- </subfield><subfield code="t">More Than That to Me -- </subfield><subfield code="t">Disappear -- </subfield><subfield code="t">Where Would You Be -- </subfield><subfield code="t">Out Loud -- </subfield><subfield code="t">Long Way Home -- </subfield><subfield code="t">Steel Wool -- </subfield><subfield code="t">Don't Tell Me You Love Me -- </subfield><subfield code="t">I Don't Want It -- </subfield></datafield><datafield tag="538" ind1=" " ind2=" "><subfield code="a">Mode of access: World Wide Web.</subfield></datafield><datafield tag="856" ind1="4" ind2="0"><subfield code="u">http://www.yaharamusic.org/album/bello-bello</subfield></datafield></record>