<record><leader>            </leader><controlfield tag="006">m q h</controlfield><controlfield tag="007">sz zunnnnnzneu</controlfield><datafield tag="100" ind1="1" ind2=" "><subfield code="a">Stephanie Jutt &amp; Jeffrey Sykes</subfield></datafield><datafield tag="245" ind1="1" ind2="0"><subfield code="a">Stolen Moments: Transcriptions of Works by Brahms</subfield><subfield code="c">Stephanie Jutt &amp; Jeffrey Sykes</subfield></datafield><datafield tag="250" ind1=" " ind2=" "><subfield code="a">[Downloadable music]</subfield></datafield><datafield tag="260" ind1=" " ind2=" "><subfield code="b">Centaur Records</subfield><subfield code="c">2004</subfield></datafield><datafield tag="500" ind1=" " ind2=" "><subfield code="a">Downloadable audio file.</subfield></datafield><datafield tag="500" ind1=" " ind2=" "><subfield code="a">Title from digitaly encoded metadata.</subfield></datafield><datafield tag="505" ind1="0" ind2="0"><subfield code="t">Sonata in E-flat Major, Op. 120, No. 2: I. Allegro amabile -- </subfield><subfield code="t">Sonata in E-flat Major, Op. 120, No. 2: II. Allegro appassionato -- </subfield><subfield code="t">Sonata in E-flat Major, Op. 120, No. 2: III. Andante con moto -- </subfield><subfield code="t">Sonata in F Minor, Op. 120, No. 1: I. Allegro appassionato -- </subfield><subfield code="t">Sonata in F Minor, Op. 120, No. 1: II. Andante un poco adagio -- </subfield><subfield code="t">Sonata in F Minor, Op. 120, No. 1: III. Allegretto grazioso -- </subfield><subfield code="t">Sonata in F Minor, Op. 120, No. 1: IV. Vivace -- </subfield><subfield code="t">Sonata in A Major, Op. 100: I. Allegro amabile -- </subfield><subfield code="t">Sonata in A Major, Op. 100: II. Andante tranquillo -- </subfield><subfield code="t">Sonata in A Major, Op. 100: III. Allegretto grazioso (quasi andante) -- </subfield></datafield><datafield tag="538" ind1=" " ind2=" "><subfield code="a">Mode of access: World Wide Web.</subfield></datafield><datafield tag="856" ind1="4" ind2="0"><subfield code="u">http://www.yaharamusic.org/album/stolen-moments-transcriptions-of-works-by-brahms-stephanie-jutt-jeffrey-sykes</subfield></datafield></record>