<record><leader>            </leader><controlfield tag="006">m q h</controlfield><controlfield tag="007">sz zunnnnnzneu</controlfield><datafield tag="100" ind1="1" ind2=" "><subfield code="a">Ben Sidran</subfield></datafield><datafield tag="245" ind1="1" ind2="0"><subfield code="a">Don't Cry For No Hipster</subfield><subfield code="c">Ben Sidran</subfield></datafield><datafield tag="250" ind1=" " ind2=" "><subfield code="a">[Downloadable music]</subfield></datafield><datafield tag="260" ind1=" " ind2=" "><subfield code="b">Unlimited Media</subfield><subfield code="c">2012</subfield></datafield><datafield tag="500" ind1=" " ind2=" "><subfield code="a">Downloadable audio file.</subfield></datafield><datafield tag="500" ind1=" " ind2=" "><subfield code="a">Title from digitaly encoded metadata.</subfield></datafield><datafield tag="505" ind1="0" ind2="0"><subfield code="t">Back Nine -- </subfield><subfield code="t">Brand New Music -- </subfield><subfield code="t">Don't Cry for No Hipster -- </subfield><subfield code="t">At Least We Got to the Race -- </subfield><subfield code="t">Can We Talk -- </subfield><subfield code="t">In the Beginning -- </subfield><subfield code="t">It Don't Get No Better -- </subfield><subfield code="t">Dying Anyway -- </subfield><subfield code="t">Private Guy -- </subfield><subfield code="t">Take a Little Hit -- </subfield><subfield code="t">Rich Interior Life -- </subfield><subfield code="t">Hooglin' -- </subfield></datafield><datafield tag="538" ind1=" " ind2=" "><subfield code="a">Mode of access: World Wide Web.</subfield></datafield><datafield tag="856" ind1="4" ind2="0"><subfield code="u">http://www.yaharamusic.org/album/don-t-cry-for-no-hipster-ben-sidran</subfield></datafield></record>