<record><leader>            </leader><controlfield tag="006">m q h</controlfield><controlfield tag="007">sz zunnnnnzneu</controlfield><datafield tag="100" ind1="1" ind2=" "><subfield code="a">Julian Lynch</subfield></datafield><datafield tag="245" ind1="1" ind2="0"><subfield code="a">Terra</subfield><subfield code="c">Julian Lynch</subfield></datafield><datafield tag="250" ind1=" " ind2=" "><subfield code="a">[Downloadable music]</subfield></datafield><datafield tag="260" ind1=" " ind2=" "><subfield code="b"/><subfield code="c">2011</subfield></datafield><datafield tag="500" ind1=" " ind2=" "><subfield code="a">Downloadable audio file.</subfield></datafield><datafield tag="500" ind1=" " ind2=" "><subfield code="a">Title from digitaly encoded metadata.</subfield></datafield><datafield tag="505" ind1="0" ind2="0"><subfield code="t">Terra -- </subfield><subfield code="t">Clay Horses -- </subfield><subfield code="t">Fort Collins -- </subfield><subfield code="t">Canopy -- </subfield><subfield code="t">Water Wheel One -- </subfield><subfield code="t">Ground -- </subfield><subfield code="t">On Eastern Time -- </subfield><subfield code="t">Water Wheel Two -- </subfield><subfield code="t">Disappointment -- </subfield><subfield code="t">Back -- </subfield></datafield><datafield tag="538" ind1=" " ind2=" "><subfield code="a">Mode of access: World Wide Web.</subfield></datafield><datafield tag="856" ind1="4" ind2="0"><subfield code="u">http://www.yaharamusic.org/album/terra-julian-lynch</subfield></datafield></record>