<record><leader>            </leader><controlfield tag="006">m q h</controlfield><controlfield tag="007">sz zunnnnnzneu</controlfield><datafield tag="100" ind1="1" ind2=" "><subfield code="a">Beth Kille</subfield></datafield><datafield tag="245" ind1="1" ind2="0"><subfield code="a">Ready</subfield><subfield code="c">Beth Kille</subfield></datafield><datafield tag="250" ind1=" " ind2=" "><subfield code="a">[Downloadable music]</subfield></datafield><datafield tag="260" ind1=" " ind2=" "><subfield code="b"/><subfield code="c">2010</subfield></datafield><datafield tag="500" ind1=" " ind2=" "><subfield code="a">Downloadable audio file.</subfield></datafield><datafield tag="500" ind1=" " ind2=" "><subfield code="a">Title from digitaly encoded metadata.</subfield></datafield><datafield tag="505" ind1="0" ind2="0"><subfield code="t">Breathe Easy -- </subfield><subfield code="t">Left to Imagination -- </subfield><subfield code="t">Cricket in the Kitchen -- </subfield><subfield code="t">Feel My Love -- </subfield><subfield code="t">Little Bit Drunk -- </subfield><subfield code="t">Big Bright Beautiful World -- </subfield><subfield code="t">New Vice -- </subfield><subfield code="t">Lovebird -- </subfield><subfield code="t">Stranded -- </subfield><subfield code="t">Ready -- </subfield></datafield><datafield tag="538" ind1=" " ind2=" "><subfield code="a">Mode of access: World Wide Web.</subfield></datafield><datafield tag="856" ind1="4" ind2="0"><subfield code="u">http://www.yaharamusic.org/album/ready-beth-kille</subfield></datafield></record>