<record><leader>            </leader><controlfield tag="006">m q h</controlfield><controlfield tag="007">sz zunnnnnzneu</controlfield><datafield tag="100" ind1="1" ind2=" "><subfield code="a">Spooner</subfield></datafield><datafield tag="245" ind1="1" ind2="0"><subfield code="a">Wildest Dreams/Every Corner Dance</subfield><subfield code="c">Spooner</subfield></datafield><datafield tag="250" ind1=" " ind2=" "><subfield code="a">[Downloadable music]</subfield></datafield><datafield tag="260" ind1=" " ind2=" "><subfield code="b"/><subfield code="c">1987</subfield></datafield><datafield tag="500" ind1=" " ind2=" "><subfield code="a">Downloadable audio file.</subfield></datafield><datafield tag="500" ind1=" " ind2=" "><subfield code="a">Title from digitaly encoded metadata.</subfield></datafield><datafield tag="505" ind1="0" ind2="0"><subfield code="t">Sacred Ground -- </subfield><subfield code="t">This Town's on Fire -- </subfield><subfield code="t">Borderline -- </subfield><subfield code="t">Eyes of the World -- </subfield><subfield code="t">Again and Again (Looks Like Rain) -- </subfield><subfield code="t">Brave New Heart -- </subfield><subfield code="t">The Rainy Days -- </subfield><subfield code="t">Woman Out of Time -- </subfield><subfield code="t">Wildest Dreams -- </subfield><subfield code="t">Endless Miles -- </subfield><subfield code="t">Will You Remember Me? -- </subfield><subfield code="t">Temptations -- </subfield><subfield code="t">Member of the Family -- </subfield><subfield code="t">Jackie -- </subfield><subfield code="t">Every Corner Dance -- </subfield><subfield code="t">Cruel School -- </subfield><subfield code="t">Poor Harold -- </subfield><subfield code="t">Oo My My -- </subfield><subfield code="t">The Way the Stories Go -- </subfield></datafield><datafield tag="538" ind1=" " ind2=" "><subfield code="a">Mode of access: World Wide Web.</subfield></datafield><datafield tag="856" ind1="4" ind2="0"><subfield code="u">http://www.yaharamusic.org/album/wildest-dreams-every-corner-dance-spooner</subfield></datafield></record>