<record><leader>            </leader><controlfield tag="006">m q h</controlfield><controlfield tag="007">sz zunnnnnzneu</controlfield><datafield tag="100" ind1="1" ind2=" "><subfield code="a">F.Stokes</subfield></datafield><datafield tag="245" ind1="1" ind2="0"><subfield code="a">Fearless Beauty</subfield><subfield code="c">F.Stokes</subfield></datafield><datafield tag="250" ind1=" " ind2=" "><subfield code="a">[Downloadable music]</subfield></datafield><datafield tag="260" ind1=" " ind2=" "><subfield code="b"/><subfield code="c">2013</subfield></datafield><datafield tag="500" ind1=" " ind2=" "><subfield code="a">Downloadable audio file.</subfield></datafield><datafield tag="500" ind1=" " ind2=" "><subfield code="a">Title from digitaly encoded metadata.</subfield></datafield><datafield tag="505" ind1="0" ind2="0"><subfield code="t">Halsted Road -- </subfield><subfield code="t">1954 -- </subfield><subfield code="t">F.B.I. (Forever Being Ill) -- </subfield><subfield code="t">Mission (feat. Ced Norah) -- </subfield><subfield code="t">Let's Build Interlude -- </subfield><subfield code="t">Grown Folks -- </subfield><subfield code="t">Shaka Zulu -- </subfield><subfield code="t">Chicago Slim Sermon -- </subfield><subfield code="t">Carpe Diem -- </subfield><subfield code="t">Baby, Be You (feat. Andrew Reid) -- </subfield></datafield><datafield tag="538" ind1=" " ind2=" "><subfield code="a">Mode of access: World Wide Web.</subfield></datafield><datafield tag="856" ind1="4" ind2="0"><subfield code="u">http://www.yaharamusic.org/album/fearless-beauty-f-stokes</subfield></datafield></record>