<record><leader>            </leader><controlfield tag="006">m q h</controlfield><controlfield tag="007">sz zunnnnnzneu</controlfield><datafield tag="100" ind1="1" ind2=" "><subfield code="a">Bach Dancing and Dynamite Society</subfield></datafield><datafield tag="245" ind1="1" ind2="0"><subfield code="a">Bach Dancing and Dynamite at 15 and 20 Years: Selections</subfield><subfield code="c">Bach Dancing and Dynamite Society</subfield></datafield><datafield tag="250" ind1=" " ind2=" "><subfield code="a">[Downloadable music]</subfield></datafield><datafield tag="260" ind1=" " ind2=" "><subfield code="b"/><subfield code="c">2011</subfield></datafield><datafield tag="500" ind1=" " ind2=" "><subfield code="a">Downloadable audio file.</subfield></datafield><datafield tag="500" ind1=" " ind2=" "><subfield code="a">Title from digitaly encoded metadata.</subfield></datafield><datafield tag="505" ind1="0" ind2="0"><subfield code="t">Vivaldi: La Primavera (Spring): I. Allegro -- </subfield><subfield code="t">Vivaldi: La Primavera (Spring): II. Largo -- </subfield><subfield code="t">Vivaldi: La Primavera (Spring): III. Allegro -- </subfield><subfield code="t">Vivaldi: L'Autumno (Autumn): I. Allegro -- </subfield><subfield code="t">Vivaldi: L'Autumno (Autumn): II. Adagio molto -- </subfield><subfield code="t">Vivaldi: L'Autumno (Autumn): III. Allegro -- </subfield><subfield code="t">Vivaldi: L'Inverno (Winter): I. Allegro non molto -- </subfield><subfield code="t">Vivaldi: L'Inverno (Winter): II. Largo -- </subfield><subfield code="t">Vivaldi: L'Inverno (Winter): III. Allegro -- </subfield><subfield code="t">Vivaldi: L'Estate (Summer): I. Allegro -- </subfield><subfield code="t">Vivaldi: L'Estate (Summer): II. Adagio -- </subfield><subfield code="t">Vivaldi: L'Estate (Summer): III. Presto -- </subfield><subfield code="t">Prokofiev: Overture on Hebrew Themes, op. 34 -- </subfield><subfield code="t">Bax: Elegiac Trio for flute, viola, and harp -- </subfield><subfield code="t">Fauré: Piano Quintet in C Minor, op. 115: Scherzo: Allegro molto -- </subfield></datafield><datafield tag="538" ind1=" " ind2=" "><subfield code="a">Mode of access: World Wide Web.</subfield></datafield><datafield tag="856" ind1="4" ind2="0"><subfield code="u">http://www.yaharamusic.org/album/bach-dancing-and-dynamite-at-15-and-20-years-selections-bach-dancing-and-dynamite-society</subfield></datafield></record>