<record><leader>            </leader><controlfield tag="006">m q h</controlfield><controlfield tag="007">sz zunnnnnzneu</controlfield><datafield tag="100" ind1="1" ind2=" "><subfield code="a">Venus in Furs</subfield></datafield><datafield tag="245" ind1="1" ind2="0"><subfield code="a">Welcome to the Club</subfield><subfield code="c">Venus in Furs</subfield></datafield><datafield tag="250" ind1=" " ind2=" "><subfield code="a">[Downloadable music]</subfield></datafield><datafield tag="260" ind1=" " ind2=" "><subfield code="b"/><subfield code="c">2011</subfield></datafield><datafield tag="500" ind1=" " ind2=" "><subfield code="a">Downloadable audio file.</subfield></datafield><datafield tag="500" ind1=" " ind2=" "><subfield code="a">Title from digitaly encoded metadata.</subfield></datafield><datafield tag="505" ind1="0" ind2="0"><subfield code="t">Altars of Ego -- </subfield><subfield code="t">Surf -- </subfield><subfield code="t">The Keeper -- </subfield><subfield code="t">Caustic Wave -- </subfield><subfield code="t">Pen Trading -- </subfield><subfield code="t">Vagina Cookies -- </subfield><subfield code="t">Crimson Tide -- </subfield><subfield code="t">Roy Orbison is Rolling in His Grave -- </subfield><subfield code="t">Macy's Stacey -- </subfield><subfield code="t">Disco is Dead -- </subfield><subfield code="t">Sleeping Pretty Chia Pet -- </subfield><subfield code="t">Wild Tropical Jungle Turkey -- </subfield></datafield><datafield tag="538" ind1=" " ind2=" "><subfield code="a">Mode of access: World Wide Web.</subfield></datafield><datafield tag="856" ind1="4" ind2="0"><subfield code="u">http://www.yaharamusic.org/album/welcome-to-the-club-venus-in-furs</subfield></datafield></record>