<record><leader>            </leader><controlfield tag="006">m q h</controlfield><controlfield tag="007">sz zunnnnnzneu</controlfield><datafield tag="100" ind1="1" ind2=" "><subfield code="a">Stephanie Rearick</subfield></datafield><datafield tag="245" ind1="1" ind2="0"><subfield code="a">Up The Wall</subfield><subfield code="c">Stephanie Rearick</subfield></datafield><datafield tag="250" ind1=" " ind2=" "><subfield code="a">[Downloadable music]</subfield></datafield><datafield tag="260" ind1=" " ind2=" "><subfield code="b">Uvulittle Records</subfield><subfield code="c">2011</subfield></datafield><datafield tag="500" ind1=" " ind2=" "><subfield code="a">Downloadable audio file.</subfield></datafield><datafield tag="500" ind1=" " ind2=" "><subfield code="a">Title from digitaly encoded metadata.</subfield></datafield><datafield tag="505" ind1="0" ind2="0"><subfield code="t">Oh No -- </subfield><subfield code="t">Up The Wall -- </subfield><subfield code="t">Who Are You -- </subfield><subfield code="t">The Turnaround -- </subfield><subfield code="t">Lithe &amp; Blithe -- </subfield><subfield code="t">Tiny Hairs -- </subfield><subfield code="t">Pretty Lights -- </subfield><subfield code="t">Evening Sun -- </subfield></datafield><datafield tag="538" ind1=" " ind2=" "><subfield code="a">Mode of access: World Wide Web.</subfield></datafield><datafield tag="856" ind1="4" ind2="0"><subfield code="u">http://www.yaharamusic.org/album/up-the-wall-stephanie-rearick</subfield></datafield></record>