<record><leader>            </leader><controlfield tag="006">m q h</controlfield><controlfield tag="007">sz zunnnnnzneu</controlfield><datafield tag="100" ind1="1" ind2=" "><subfield code="a">Natty Nation</subfield></datafield><datafield tag="245" ind1="1" ind2="0"><subfield code="a">Retrospective: 15 Years of Hard Roots Rock Reggae &amp; Dub</subfield><subfield code="c">Natty Nation</subfield></datafield><datafield tag="250" ind1=" " ind2=" "><subfield code="a">[Downloadable music]</subfield></datafield><datafield tag="260" ind1=" " ind2=" "><subfield code="b"/><subfield code="c">2012</subfield></datafield><datafield tag="500" ind1=" " ind2=" "><subfield code="a">Downloadable audio file.</subfield></datafield><datafield tag="500" ind1=" " ind2=" "><subfield code="a">Title from digitaly encoded metadata.</subfield></datafield><datafield tag="505" ind1="0" ind2="0"><subfield code="t">Suffice (from Suffice Single) -- </subfield><subfield code="t">Reincarnation (from Reincarnation) -- </subfield><subfield code="t">Cool &amp; Proper (from Reincarnation) -- </subfield><subfield code="t">Here There (from Live in Eau Claire) -- </subfield><subfield code="t">Hurricane (from Seth's Picks) -- </subfield><subfield code="t">Wise &amp; Prudent (from Seth's Picks) -- </subfield><subfield code="t">Rasta Revolution (from Inatty In Jah Music) -- </subfield><subfield code="t">Hold On Strong (from Inatty In Jah Music) -- </subfield><subfield code="t">Greetings (from Live '99-'00) -- </subfield><subfield code="t">Come Home (from Earth Citizen) -- </subfield><subfield code="t">Brand New Home (from Earth Citizen) -- </subfield><subfield code="t">Journey (from The Journey Has Just Begun...) -- </subfield><subfield code="t">Glorify (from The Journey Has Just Begun...) -- </subfield><subfield code="t">[Untitled] -- </subfield></datafield><datafield tag="538" ind1=" " ind2=" "><subfield code="a">Mode of access: World Wide Web.</subfield></datafield><datafield tag="856" ind1="4" ind2="0"><subfield code="u">http://www.yaharamusic.org/album/retrospective-15-years-of-hard-roots-rock-reggae-dub-natty-nation</subfield></datafield></record>