<record><leader>            </leader><controlfield tag="006">m q h</controlfield><controlfield tag="007">sz zunnnnnzneu</controlfield><datafield tag="100" ind1="1" ind2=" "><subfield code="a">The Gomers</subfield></datafield><datafield tag="245" ind1="1" ind2="0"><subfield code="a">Mike Zirkel the Album</subfield><subfield code="c">The Gomers</subfield></datafield><datafield tag="250" ind1=" " ind2=" "><subfield code="a">[Downloadable music]</subfield></datafield><datafield tag="260" ind1=" " ind2=" "><subfield code="b">Beeftone</subfield><subfield code="c">2008</subfield></datafield><datafield tag="500" ind1=" " ind2=" "><subfield code="a">Downloadable audio file.</subfield></datafield><datafield tag="500" ind1=" " ind2=" "><subfield code="a">Title from digitaly encoded metadata.</subfield></datafield><datafield tag="505" ind1="0" ind2="0"><subfield code="t">Corn Tomaters -- </subfield><subfield code="t">Dance Jack Palance -- </subfield><subfield code="t">Forcefield -- </subfield><subfield code="t">Hogan @ O'Cayz -- </subfield><subfield code="t">Things Fall Apart -- </subfield><subfield code="t">Homosexuals &amp; Lesbians -- </subfield><subfield code="t">Like Ya -- </subfield><subfield code="t">Elephant Blackbird -- </subfield><subfield code="t">Crime Scene -- </subfield><subfield code="t">Hobo Jungle Circuit -- </subfield><subfield code="t">Dude You Rock -- </subfield><subfield code="t">Watertown Mailbox -- </subfield><subfield code="t">Fripping the Rude Oud -- </subfield><subfield code="t">Les Floyd of Pink Paul? -- </subfield><subfield code="t">I Been Over Dere -- </subfield><subfield code="t">Marlon Perkins -- </subfield><subfield code="t">Chandelier -- </subfield><subfield code="t">Hogan @ High Noon Saloon -- </subfield><subfield code="t">Dude You Rock (Reprise) -- </subfield><subfield code="t">The Gomers Bid Ye Farewell -- </subfield></datafield><datafield tag="538" ind1=" " ind2=" "><subfield code="a">Mode of access: World Wide Web.</subfield></datafield><datafield tag="856" ind1="4" ind2="0"><subfield code="u">http://www.yaharamusic.org/album/mike-zirkel-the-album-mike-zirkel</subfield></datafield></record>