<record><leader>            </leader><controlfield tag="006">m q h</controlfield><controlfield tag="007">sz zunnnnnzneu</controlfield><datafield tag="100" ind1="1" ind2=" "><subfield code="a">Spires That in the Sunset Rise</subfield></datafield><datafield tag="245" ind1="1" ind2="0"><subfield code="a">Ancient Patience Wills It Again Part I</subfield><subfield code="c">Spires That in the Sunset Rise</subfield></datafield><datafield tag="250" ind1=" " ind2=" "><subfield code="a">[Downloadable music]</subfield></datafield><datafield tag="260" ind1=" " ind2=" "><subfield code="b"/><subfield code="c">2012</subfield></datafield><datafield tag="500" ind1=" " ind2=" "><subfield code="a">Downloadable audio file.</subfield></datafield><datafield tag="500" ind1=" " ind2=" "><subfield code="a">Title from digitaly encoded metadata.</subfield></datafield><datafield tag="505" ind1="0" ind2="0"><subfield code="t">Veiled Undertow -- </subfield><subfield code="t">Grandma -- </subfield><subfield code="t">Child Of The Snow -- </subfield><subfield code="t">November -- </subfield><subfield code="t">Well Tempered -- </subfield></datafield><datafield tag="538" ind1=" " ind2=" "><subfield code="a">Mode of access: World Wide Web.</subfield></datafield><datafield tag="856" ind1="4" ind2="0"><subfield code="u">http://www.yaharamusic.org/album/ancient-patience-will-it-again-part-i-spires-that-in-the-sunset-rise</subfield></datafield></record>