<record><leader>            </leader><controlfield tag="006">m q h</controlfield><controlfield tag="007">sz zunnnnnzneu</controlfield><datafield tag="100" ind1="1" ind2=" "><subfield code="a">DJ Pain 1</subfield></datafield><datafield tag="245" ind1="1" ind2="0"><subfield code="a">One For One</subfield><subfield code="c">DJ Pain 1</subfield></datafield><datafield tag="250" ind1=" " ind2=" "><subfield code="a">[Downloadable music]</subfield></datafield><datafield tag="260" ind1=" " ind2=" "><subfield code="b"/><subfield code="c">2014</subfield></datafield><datafield tag="500" ind1=" " ind2=" "><subfield code="a">Downloadable audio file.</subfield></datafield><datafield tag="500" ind1=" " ind2=" "><subfield code="a">Title from digitaly encoded metadata.</subfield></datafield><datafield tag="505" ind1="0" ind2="0"><subfield code="t">The Power (feat. I-20, Scotty Boi, Rain, Traxx Sanders) -- </subfield><subfield code="t">Live it Up (feat. I-20 and Fiend) -- </subfield><subfield code="t">Love This City (feat. Rain, Money B, Range, Scott Knoxx, I-20, David Yang) -- </subfield><subfield code="t">Pain Won't Stop -- </subfield><subfield code="t">Mean (feat. J Gunn, I-20) -- </subfield><subfield code="t">The Drones -- </subfield><subfield code="t">Juke It (feat. DJ Nate, DLux, Mistah Fab) -- </subfield><subfield code="t">CTE or Nothin' -- </subfield><subfield code="t">To The Money (feat. Scotty Boi, Traxx Sanders) -- </subfield><subfield code="t">God Flow -- </subfield></datafield><datafield tag="538" ind1=" " ind2=" "><subfield code="a">Mode of access: World Wide Web.</subfield></datafield><datafield tag="856" ind1="4" ind2="0"><subfield code="u">http://www.yaharamusic.org/album/one-for-one-dj-pain-1</subfield></datafield></record>