<record><leader>            </leader><controlfield tag="006">m q h</controlfield><controlfield tag="007">sz zunnnnnzneu</controlfield><datafield tag="100" ind1="1" ind2=" "><subfield code="a">The Whiskey Farm</subfield></datafield><datafield tag="245" ind1="1" ind2="0"><subfield code="a">Middle of America</subfield><subfield code="c">The Whiskey Farm</subfield></datafield><datafield tag="250" ind1=" " ind2=" "><subfield code="a">[Downloadable music]</subfield></datafield><datafield tag="260" ind1=" " ind2=" "><subfield code="b">The Whiskey Farm</subfield><subfield code="c">2011</subfield></datafield><datafield tag="500" ind1=" " ind2=" "><subfield code="a">Downloadable audio file.</subfield></datafield><datafield tag="500" ind1=" " ind2=" "><subfield code="a">Title from digitaly encoded metadata.</subfield></datafield><datafield tag="505" ind1="0" ind2="0"><subfield code="t">If I Were You -- </subfield><subfield code="t">Fine Line -- </subfield><subfield code="t">Glow -- </subfield><subfield code="t">Colorado -- </subfield><subfield code="t">Happy -- </subfield><subfield code="t">Ever After -- </subfield><subfield code="t">Dandelion -- </subfield><subfield code="t">Train -- </subfield><subfield code="t">Not You -- </subfield><subfield code="t">Rusty -- </subfield><subfield code="t">Turn Back Time -- </subfield></datafield><datafield tag="538" ind1=" " ind2=" "><subfield code="a">Mode of access: World Wide Web.</subfield></datafield><datafield tag="856" ind1="4" ind2="0"><subfield code="u">http://www.yaharamusic.org/album/middle-of-america-the-whiskey-farm</subfield></datafield></record>