<record><leader>            </leader><controlfield tag="006">m q h</controlfield><controlfield tag="007">sz zunnnnnzneu</controlfield><datafield tag="100" ind1="1" ind2=" "><subfield code="a">The German Art Students</subfield></datafield><datafield tag="245" ind1="1" ind2="0"><subfield code="a">Time Machine</subfield><subfield code="c">The German Art Students</subfield></datafield><datafield tag="250" ind1=" " ind2=" "><subfield code="a">[Downloadable music]</subfield></datafield><datafield tag="260" ind1=" " ind2=" "><subfield code="b"/><subfield code="c">2014</subfield></datafield><datafield tag="500" ind1=" " ind2=" "><subfield code="a">Downloadable audio file.</subfield></datafield><datafield tag="500" ind1=" " ind2=" "><subfield code="a">Title from digitaly encoded metadata.</subfield></datafield><datafield tag="505" ind1="0" ind2="0"><subfield code="t">It Hurts -- </subfield><subfield code="t">Wired for Sound -- </subfield><subfield code="t">Robots in Raincoats -- </subfield><subfield code="t">Go-Gos Invasion -- </subfield><subfield code="t">Community Service Song -- </subfield><subfield code="t">Time Machine -- </subfield><subfield code="t">Damn the Digital -- </subfield><subfield code="t">Triumph of the Human Spirit -- </subfield><subfield code="t">Instant Coffee -- </subfield><subfield code="t">Beware Draculas -- </subfield></datafield><datafield tag="538" ind1=" " ind2=" "><subfield code="a">Mode of access: World Wide Web.</subfield></datafield><datafield tag="856" ind1="4" ind2="0"><subfield code="u">http://www.yaharamusic.org/album/time-machine-the-german-art-students</subfield></datafield></record>