<record><leader>            </leader><controlfield tag="006">m q h</controlfield><controlfield tag="007">sz zunnnnnzneu</controlfield><datafield tag="100" ind1="1" ind2=" "><subfield code="a">The Zombeatles</subfield></datafield><datafield tag="245" ind1="1" ind2="0"><subfield code="a">Meat the Zombeatles!</subfield><subfield code="c">The Zombeatles</subfield></datafield><datafield tag="250" ind1=" " ind2=" "><subfield code="a">[Downloadable music]</subfield></datafield><datafield tag="260" ind1=" " ind2=" "><subfield code="b">Beeftone</subfield><subfield code="c">2009</subfield></datafield><datafield tag="500" ind1=" " ind2=" "><subfield code="a">Downloadable audio file.</subfield></datafield><datafield tag="500" ind1=" " ind2=" "><subfield code="a">Title from digitaly encoded metadata.</subfield></datafield><datafield tag="505" ind1="0" ind2="0"><subfield code="t">Halp! -- </subfield><subfield code="t">Ate Brains a Week -- </subfield><subfield code="t">Brain -- </subfield><subfield code="t">I Wanna Eat Your Hand -- </subfield><subfield code="t">She Dead -- </subfield><subfield code="t">I'm Eating Through You -- </subfield><subfield code="t">Dead Prudence -- </subfield><subfield code="t">Hey Food -- </subfield></datafield><datafield tag="538" ind1=" " ind2=" "><subfield code="a">Mode of access: World Wide Web.</subfield></datafield><datafield tag="856" ind1="4" ind2="0"><subfield code="u">http://www.yaharamusic.org/album/meat-the-zombeatles-the-zombeatles</subfield></datafield></record>