<record><leader>            </leader><controlfield tag="006">m q h</controlfield><controlfield tag="007">sz zunnnnnzneu</controlfield><datafield tag="100" ind1="1" ind2=" "><subfield code="a">Pushmi-Pullyu</subfield></datafield><datafield tag="245" ind1="1" ind2="0"><subfield code="a">Never Love A Stranger</subfield><subfield code="c">Pushmi-Pullyu</subfield></datafield><datafield tag="250" ind1=" " ind2=" "><subfield code="a">[Downloadable music]</subfield></datafield><datafield tag="260" ind1=" " ind2=" "><subfield code="b"/><subfield code="c">2013</subfield></datafield><datafield tag="500" ind1=" " ind2=" "><subfield code="a">Downloadable audio file.</subfield></datafield><datafield tag="500" ind1=" " ind2=" "><subfield code="a">Title from digitaly encoded metadata.</subfield></datafield><datafield tag="505" ind1="0" ind2="0"><subfield code="t">I'm In Love Again -- </subfield><subfield code="t">Fried Chicken -- </subfield><subfield code="t">Where We First Sat -- </subfield><subfield code="t">Morning Undone -- </subfield><subfield code="t">Bleak Midwinter -- </subfield><subfield code="t">Lost Ponds -- </subfield><subfield code="t">South Africa -- </subfield><subfield code="t">You Are Dead -- </subfield><subfield code="t">All I Wanted -- </subfield><subfield code="t">Happy Birthday -- </subfield><subfield code="t">Past -- </subfield><subfield code="t">Howl III -- </subfield></datafield><datafield tag="538" ind1=" " ind2=" "><subfield code="a">Mode of access: World Wide Web.</subfield></datafield><datafield tag="856" ind1="4" ind2="0"><subfield code="u">http://www.yaharamusic.org/album/never-love-a-stranger-pushmi-pullyu</subfield></datafield></record>