<record><leader>            </leader><controlfield tag="006">m q h</controlfield><controlfield tag="007">sz zunnnnnzneu</controlfield><datafield tag="100" ind1="1" ind2=" "><subfield code="a">Sincere Life</subfield></datafield><datafield tag="245" ind1="1" ind2="0"><subfield code="a">Write Of Passage EP</subfield><subfield code="c">Sincere Life</subfield></datafield><datafield tag="250" ind1=" " ind2=" "><subfield code="a">[Downloadable music]</subfield></datafield><datafield tag="260" ind1=" " ind2=" "><subfield code="b"/><subfield code="c">2013</subfield></datafield><datafield tag="500" ind1=" " ind2=" "><subfield code="a">Downloadable audio file.</subfield></datafield><datafield tag="500" ind1=" " ind2=" "><subfield code="a">Title from digitaly encoded metadata.</subfield></datafield><datafield tag="505" ind1="0" ind2="0"><subfield code="t">Write of Passage Intro (Prod. By Nichi) -- </subfield><subfield code="t">FreeWrite II (Hunger) (Prod. By Jacob Levan) -- </subfield><subfield code="t">Golden Age ft. Michael Medall (Prod. By Chemist) -- </subfield><subfield code="t">Three Kings (Prod. By DLO the Iceman) -- </subfield><subfield code="t">Write Of Passage (For Hip-Hop) (Prod. By Flawless) -- </subfield><subfield code="t">Home Again ft. Eric D. (Prod. By DLO the Iceman) -- </subfield><subfield code="t">Favorite ft. Eric D. (Prod. By Sampleholik) -- </subfield><subfield code="t">White Grape White Owls (Prod. By BraveStarr) -- </subfield><subfield code="t">The Zone ft. M-City &amp; Flame The Ruler (Prod. By Vybe Beats &amp; MLG Beats) -- </subfield><subfield code="t">Too Much ft. Eric D. (Prod. By Nichi) -- </subfield><subfield code="t">Feel Me (Prod. By Keenon Morris) -- </subfield><subfield code="t">(Bonus) FreeWrite I (Flow) (Prod. By Yung Capo) -- </subfield><subfield code="t">(Bonus) Get Right ft. Kiing Del (Prod. By BeatsByVictory) -- </subfield></datafield><datafield tag="538" ind1=" " ind2=" "><subfield code="a">Mode of access: World Wide Web.</subfield></datafield><datafield tag="856" ind1="4" ind2="0"><subfield code="u">http://www.yaharamusic.org/album/write-of-passage-ep-sincere-life</subfield></datafield></record>