<record><leader>            </leader><controlfield tag="006">m q h</controlfield><controlfield tag="007">sz zunnnnnzneu</controlfield><datafield tag="100" ind1="1" ind2=" "><subfield code="a">Lords of the Trident</subfield></datafield><datafield tag="245" ind1="1" ind2="0"><subfield code="a">Plan of Attack</subfield><subfield code="c">Lords of the Trident</subfield></datafield><datafield tag="250" ind1=" " ind2=" "><subfield code="a">[Downloadable music]</subfield></datafield><datafield tag="260" ind1=" " ind2=" "><subfield code="b"/><subfield code="c">2013</subfield></datafield><datafield tag="500" ind1=" " ind2=" "><subfield code="a">Downloadable audio file.</subfield></datafield><datafield tag="500" ind1=" " ind2=" "><subfield code="a">Title from digitaly encoded metadata.</subfield></datafield><datafield tag="505" ind1="0" ind2="0"><subfield code="t">Complete Control -- </subfield><subfield code="t">Plan of Attack -- </subfield><subfield code="t">Song of the Wind and Sea -- </subfield><subfield code="t">The Joust -- </subfield></datafield><datafield tag="538" ind1=" " ind2=" "><subfield code="a">Mode of access: World Wide Web.</subfield></datafield><datafield tag="856" ind1="4" ind2="0"><subfield code="u">http://www.yaharamusic.org/album/plan-of-attack-lords-of-the-trident</subfield></datafield></record>