<record><leader>            </leader><controlfield tag="006">m q h</controlfield><controlfield tag="007">sz zunnnnnzneu</controlfield><datafield tag="100" ind1="1" ind2=" "><subfield code="a">Reptile Palace Orchestra</subfield></datafield><datafield tag="245" ind1="1" ind2="0"><subfield code="a">Songs and Dances of Madisonia</subfield><subfield code="c">Reptile Palace Orchestra</subfield></datafield><datafield tag="250" ind1=" " ind2=" "><subfield code="a">[Downloadable music]</subfield></datafield><datafield tag="260" ind1=" " ind2=" "><subfield code="b">Omnium</subfield><subfield code="c">2012</subfield></datafield><datafield tag="500" ind1=" " ind2=" "><subfield code="a">Downloadable audio file.</subfield></datafield><datafield tag="500" ind1=" " ind2=" "><subfield code="a">Title from digitaly encoded metadata.</subfield></datafield><datafield tag="505" ind1="0" ind2="0"><subfield code="t">Sev Kardesim -- </subfield><subfield code="t">Guisevska Racenica -- </subfield><subfield code="t">Marakebna Al Mina -- </subfield><subfield code="t">Skeleton Dance -- </subfield><subfield code="t">Lycanthropy -- </subfield><subfield code="t">Snosti si Rada Pristana -- </subfield><subfield code="t">Bavno Horo -- </subfield><subfield code="t">Lactic Acid -- </subfield><subfield code="t">Veselinovo Horo -- </subfield><subfield code="t">Rude Oud -- </subfield><subfield code="t">Wash Your Hands -- </subfield><subfield code="t">Applebee OK -- </subfield><subfield code="t">Byala Roza -- </subfield><subfield code="t">Zensko Camce -- </subfield></datafield><datafield tag="538" ind1=" " ind2=" "><subfield code="a">Mode of access: World Wide Web.</subfield></datafield><datafield tag="856" ind1="4" ind2="0"><subfield code="u">http://www.yaharamusic.org/album/songs-and-dances-of-madisonia-reptile-palace-orchestra</subfield></datafield></record>